<?xml version="1.0" encoding="UTF-8"?><collection xmlns="http://www.loc.gov/MARC21/slim"><record><leader>00495nam--2200169-i-4500</leader><controlfield tag="001">000017078</controlfield><controlfield tag="002">20161230</controlfield><controlfield tag="005">20161230201032</controlfield><controlfield tag="008">060222s1000------------r-----000-0-eng-d</controlfield><datafield ind1=" " ind2=" " tag="040"><subfield code="a">IFIN-HH</subfield></datafield><datafield ind1=" " ind2=" " tag="080"><subfield code="a">539.126:548:539.213(043)</subfield></datafield><datafield ind1=" " ind2=" " tag="100"><subfield code="a">Harris, Suzane W</subfield></datafield><datafield ind1="1" ind2="0" tag="245"><subfield code="a">Positive muons in crystalline and amorphous solids</subfield><subfield code="c">Suzane w. harris</subfield></datafield><datafield ind1=" " ind2=" " tag="260"><subfield code="a">Uppsala</subfield><subfield code="b">University</subfield><subfield code="c">1991</subfield></datafield><datafield ind1=" " ind2=" " tag="490"><subfield code="a">Acta Universitates Upsaliensis</subfield><subfield code="v">No.33</subfield></datafield><datafield ind1=" " ind2=" " tag="852"><subfield code="a">79953</subfield><subfield code="c">539.2</subfield></datafield><datafield ind1=" " ind2=" " tag="CAT"><subfield code="a">Sys</subfield><subfield code="c">20121203</subfield><subfield code="h">164853</subfield></datafield></record></collection>